% This file was created with JabRef 2.10b2.
% Encoding: UTF-8


@Article{blinder1973wage,
  Title                    = {Wage discrimination: reduced form and structural estimates},
  Author                   = {Blinder, Alan S},
  Journal                  = {Journal of Human resources},
  Number                   = {4},
  Pages                    = {436--455},
  Volume                   = {8}
}

@article{caswell2018matrix,
  title={Matrix methods in health demography: a new approach to the stochastic analysis of healthy longevity and DALYs},
  author={Caswell, Hal and Zarulli, Virginia},
  journal={Population health metrics},
  volume={16},
  number={1},
  pages={8},
  year={2018},
  publisher={BioMed Central}
}

@Article{caswell1989analysis,
  Title                    = {Analysis of life table response experiments I. Decomposition of effects on population growth rate},
  Author                   = {Caswell, Hal},
  Journal                  = {Ecological Modelling},
  Year                     = {1989},
  Number                   = {3-4},
  Pages                    = {221--237},
  Volume                   = {46},

  Publisher                = {Elsevier}
}

@Article{Dudel2017,
  Title                    = {Working Life Expectancy at Age 50 in the United States and the Impact of the Great Recession},
  Author                   = {Dudel, Christian and Myrskyl{\"a}, Mikko},
  Journal                  = {Demography},
  Year                     = {2017},

  Month                    = {Oct},

  Day                      = {10},
  Doi                      = {10.1007/s13524-017-0619-6},
  ISSN                     = {1533-7790},
  Url                      = {https://doi.org/10.1007/s13524-017-0619-6}
}

@Unpublished{dudel2017b,
  Title                    = {Estimating the expected number and length of episodes using Markov chains with rewards},
  Author                   = {Dudel, C. and Myrskyl{\"a}, M.},
  Note                     = {(under review)},
  Year                     = {2017},

  Owner                    = {tim},
  Timestamp                = {2017.10.27}
}

@article{fasang2014visualizing,
  title={Visualizing sequences in the social sciences: Relative frequency sequence plots},
  author={Fasang, Anette Eva and Liao, Tim Futing},
  journal={Sociological Methods \& Research},
  volume={43},
  number={4},
  pages={643--676},
  year={2014},
  publisher={Sage Publications Sage CA: Los Angeles, CA}
}

@Article{horiuchi2008,
  Title                    = {A decomposition method based on a model of continuous change},
  Author                   = {Horiuchi, Shiro and Wilmoth, John R and Pletcher, Scott D},
  Journal                  = {Demography},
  Year                     = {2008},
  Number                   = {4},
  Pages                    = {785--801},
  Volume                   = {45},

  Publisher                = {Springer}
}

@article{iacobelli2013multiple,
  title={Multiple time scales in multi-state models},
  author={Iacobelli, Simona and Carstensen, Bendix},
  journal={Statistics in medicine},
  volume={32},
  number={30},
  pages={5315--5327},
  year={2013},
  publisher={Wiley Online Library}
}

@Article{laditka1998new,
  Title                    = {New methods for analyzing active life expectancy},
  Author                   = {Laditka, Sarah B and Wolf, Douglas A},
  Journal                  = {Journal of Aging and Health},
  Year                     = {1998},
  Number                   = {2},
  Pages                    = {214--241},
  Volume                   = {10},

  Publisher                = {Sage Publications Sage CA: Thousand Oaks, CA}
}

@article{potente2018disability,
  title={Disability pathways preceding death in England by socio-economic status},
  author={Potente, Cecilia and Monden, Christiaan},
  journal={Population studies},
  volume={72},
  number={2},
  pages={175--190},
  year={2018},
  publisher={Taylor \& Francis}
}
@article{raab2018pathways,
  title={Pathways to death: The co-occurrence of physical and mental health in the last years of life},
  author={Raab, Marcel and Fasang, Anette and Hess, Moritz},
  journal={Demographic Research},
  volume={38},
  pages={1619--1634},
  year={2018},
  publisher={JSTOR}
}
@article{riffe2016time,
  title={Time-to-death patterns in markers of age and dependency},
  author={Riffe, Tim and Chung, Pil H and Spijker, Jeroen and MacInnes, John},
  journal={Vienna Yearbook of Population Research},
  volume={14},
  pages={229--254},
  year={2016},
  publisher={JSTOR}
}
@article{riffe2017unified,
  title={A unified framework of demographic time},
  author={Riffe, Tim and Sch{\"o}ley, Jonas and Villavicencio, Francisco},
  journal={Genus},
  volume={73},
  number={1},
  pages={7},
  year={2017},
  publisher={Springer}
}

@Article{spedicato2017,
  Title                    = {Discrete Time Markov Chains with R},
  Author                   = {Giorgio Alfredo Spedicato},
  Journal                  = {The R Journal},
  Year                     = {2017},

  Month                    = {07},
  Note                     = {R package version 0.6.9.7},

  Url                      = {https://journal.r-project.org/archive/2017/RJ-2017-036/index.html}
}

@Article{Crimmins1997,
  Title                    = {{T}rends in disability-free life expectancy in the {U}nited {S}tates, 1970-90},
  Author                   = {Crimmins, Eileen M and Saito, Yasuhiko and Ingegneri, Dominique},
  Journal                  = {Population and {D}evelopment {R}eview},
  Year                     = {1997},
  Pages                    = {555--572}
}

@Article{Sullivan1970,
  Title                    = {{A} single index of mortality and morbidity},
  Author                   = {Sullivan, DF},
  Journal                  = {HSMHA Health Reports},
  Year                     = {1971},
  Pages                    = {347-354},
  Volume                   = {86}
}

@article{crimmins2009change,
  title={Change in disability-free life expectancy for Americans 70 years old and older},
  author={Crimmins, Eileen M and Hayward, Mark D and Hagedorn, Aaron and Saito, Yasuhiko and Brouard, Nicolas},
  journal={Demography},
  volume={46},
  number={3},
  pages={627--646},
  year={2009},
  publisher={Springer}
}